<record><leader>00000cas a22000007a 4500</leader><controlfield tag="001">10448367</controlfield><controlfield tag="008">840223d19391949nyuwr ne      0    0eng d</controlfield><datafield ind1=" " ind2=" " tag="010"><subfield code="a">sn 89070127 </subfield></datafield><datafield ind1=" " ind2=" " tag="040"><subfield code="a">CRL</subfield><subfield code="b">eng</subfield><subfield code="c">CRL</subfield><subfield code="d">YOX</subfield><subfield code="d">MGN</subfield><subfield code="d">DLC</subfield><subfield code="d">OCLCQ</subfield><subfield code="d">OCLCF</subfield><subfield code="d">OCLCO</subfield></datafield><datafield ind1=" " ind2=" " tag="019"><subfield code="a">48208382</subfield></datafield><datafield ind1="1" ind2=" " tag="029"><subfield code="a">AU@</subfield><subfield code="b">000020559174</subfield></datafield><datafield ind1=" " ind2=" " tag="042"><subfield code="a">msc</subfield></datafield><datafield ind1="0" ind2=" " tag="130"><subfield code="a">Jewish review (New York, N.Y. : 1939)</subfield></datafield><datafield ind1="0" ind2="0" tag="245"><subfield code="a">Jewish review.</subfield></datafield><datafield ind1="1" ind2="3" tag="246"><subfield code="a">Bronx and Washington Heights Jewish review</subfield></datafield><datafield ind1=" " ind2=" " tag="260"><subfield code="a">New York, N.Y. :</subfield><subfield code="b">Bronx and Washington Heights Jewish Review,</subfield></datafield><datafield ind1=" " ind2=" " tag="300"><subfield code="a">v.</subfield></datafield><datafield ind1=" " ind2=" " tag="310"><subfield code="a">Weekly</subfield></datafield><datafield ind1="0" ind2=" " tag="362"><subfield code="a">Vol. 1, no. 21 (Apr. 13, 1939)-</subfield></datafield><datafield ind1="1" ind2=" " tag="362"><subfield code="a">Ceased Oct. 13, 1949?</subfield></datafield><datafield ind1=" " ind2=" " tag="500"><subfield code="a">"The voice of New York Jewry."</subfield></datafield><datafield ind1=" " ind2=" " tag="515"><subfield code="a">Various mistakes in page numbering.</subfield></datafield><datafield ind1=" " ind2=" " tag="530"><subfield code="a">Also available on microfilm from the New York Public Library.</subfield></datafield><datafield ind1=" " ind2="0" tag="650"><subfield code="a">Jewish newspapers</subfield><subfield code="z">New York (State)</subfield><subfield code="z">New York.</subfield></datafield><datafield ind1=" " ind2="0" tag="651"><subfield code="a">New York (N.Y.)</subfield><subfield code="v">Newspapers.</subfield></datafield><datafield ind1=" " ind2="7" tag="655"><subfield code="a">Newspapers.</subfield><subfield code="2">fast</subfield><subfield code="0">(OCoLC)fst01423814</subfield></datafield><datafield ind1=" " ind2="7" tag="650"><subfield code="a">Jewish newspapers.</subfield><subfield code="2">fast</subfield><subfield code="0">(OCoLC)fst00982872</subfield></datafield><datafield ind1=" " ind2="7" tag="651"><subfield code="a">New York (State)</subfield><subfield code="z">New York.</subfield><subfield code="2">fast</subfield><subfield code="0">(OCoLC)fst01204333</subfield></datafield><datafield ind1=" " ind2=" " tag="752"><subfield code="a">United States</subfield><subfield code="b">New York</subfield><subfield code="c">New York</subfield><subfield code="d">New York.</subfield></datafield><datafield ind1="0" ind2=" " tag="775"><subfield code="t">Jewish review (New York, N.Y. : Bronx ed.)</subfield><subfield code="w">(DLC)sn 89070129</subfield></datafield><datafield ind1="0" ind2="0" tag="780"><subfield code="t">Bronx &amp; Washington Heights Jewish review</subfield><subfield code="w">(DLC)sn 89070113</subfield></datafield><datafield ind1="0" ind2="0" tag="785"><subfield code="t">American Jewish daily</subfield></datafield><datafield ind1="0" ind2="8" tag="776"><subfield code="i">Online version:</subfield><subfield code="t">Jewish review (New York, N.Y. : 1939)</subfield><subfield code="w">(OCoLC)1012425842</subfield></datafield><datafield ind1=" " ind2=" " tag="936"><subfield code="a">Dec. 1941</subfield></datafield></record>